<?xml version="1.0" encoding="UTF-8" ?>
<collection xmlns:xsi="http://www.w3.org/2001/XMLSchema-instance"
    xsi:schemaLocation="http://www.loc.gov/MARC21/slim
        http://www.loc.gov/standards/marcxml/schema/MARC21slim.xsd"
    xmlns="http://www.loc.gov/MARC21/slim">
<record>
  <leader>00287cam a2200565 ia4500</leader>
  <controlfield tag="001">b12364903</controlfield>
  <controlfield tag="003">LeBAU</controlfield>
  <controlfield tag="005">20140526</controlfield>
  <controlfield tag="008">970224s1952    ir       b    ||1 0 ara d</controlfield>
  <datafield tag="035" ind1=" " ind2=" ">
    <subfield code="a">ocn784268719</subfield>
  </datafield>
  <datafield tag="040" ind1=" " ind2=" ">
    <subfield code="a">LEAUB</subfield>
    <subfield code="b">ara</subfield>
    <subfield code="e">rda</subfield>
    <subfield code="c">LEAUB</subfield>
    <subfield code="d">LEAUB</subfield>
  </datafield>
  <datafield tag="041" ind1="0" ind2=" ">
    <subfield code="a">ara</subfield>
    <subfield code="a">per</subfield>
    <subfield code="b">fre</subfield>
  </datafield>
  <datafield tag="082" ind1="0" ind2="4">
    <subfield code="a">189.3</subfield>
    <subfield code="2">22</subfield>
  </datafield>
  <datafield tag="100" ind1="1" ind2=" ">
    <subfield code="6">880-01</subfield>
    <subfield code="a">Suhrawardī, Yaḥyá ibn Ḥabash,</subfield>
    <subfield code="d">1152 or 1153-1191,</subfield>
    <subfield code="e">author.</subfield>
  </datafield>
  <datafield tag="245" ind1="1" ind2="0">
    <subfield code="6">880-02</subfield>
    <subfield code="a">Majmūʼah-ʻi duvvum-i muṣannāfāt-i Shaykh Ishrāq Shahāb al-Dīn Yaḥyā Suhrawardī dar hikmat-i Ilāhī /</subfield>
    <subfield code="c">bā taṣḥīḥāt va muqadamah bi-zabān-i Frānsah, bi-qalam-i Hinrī Kurbīn = OEUVRES PHILOSOPHIQUES ET MYSTIQUES DE SHIHABADDIN YAHYA SOHRAWARDI.</subfield>
  </datafield>
  <datafield tag="246" ind1="3" ind2="1">
    <subfield code="a">OEUVRES PHILOSOPHIQUES ET MYSTIQUES DE SHIHABADDIN YAHYA SOHRAWARDI</subfield>
  </datafield>
  <datafield tag="264" ind1=" " ind2="1">
    <subfield code="6">880-03</subfield>
    <subfield code="a">Tihrān :</subfield>
    <subfield code="b">Instītū-yi Īrān va Frānsah, Qismat-i Īranshināsī,</subfield>
    <subfield code="c">1331 [H. Sh.] = 1952 [M.]</subfield>
  </datafield>
  <datafield tag="300" ind1=" " ind2=" ">
    <subfield code="6">880-04</subfield>
    <subfield code="a">1 جزء ؛</subfield>
    <subfield code="c">24 سم.</subfield>
  </datafield>
  <datafield tag="336" ind1=" " ind2=" ">
    <subfield code="a">text</subfield>
    <subfield code="b">txt</subfield>
    <subfield code="2">rdacontent</subfield>
  </datafield>
  <datafield tag="337" ind1=" " ind2=" ">
    <subfield code="a">unmediated</subfield>
    <subfield code="b">n</subfield>
    <subfield code="2">rdamedia</subfield>
  </datafield>
  <datafield tag="338" ind1=" " ind2=" ">
    <subfield code="a">volume</subfield>
    <subfield code="b">nc</subfield>
    <subfield code="2">rdacarrier</subfield>
  </datafield>
  <datafield tag="490" ind1="1" ind2=" ">
    <subfield code="6">880-05</subfield>
    <subfield code="a">Ganjīnah-ʼi Navashtahʹhā-yi Īranī ;</subfield>
    <subfield code="v">2</subfield>
  </datafield>
  <datafield tag="504" ind1=" " ind2=" ">
    <subfield code="a">يتضمن مراجع ببليوغرافية وكشاف.</subfield>
  </datafield>
  <datafield tag="505" ind1="0" ind2="0">
    <subfield code="t">مجموعة دوم مصنفات شيخ إشراق شهاب الدين يحيى سهروردي در حكمت إلهي:</subfield>
    <subfield code="g">1.</subfield>
    <subfield code="t">كتاب حكمة الإشراق (متن عربي) --</subfield>
    <subfield code="g">2.</subfield>
    <subfield code="t">رسالة في إعتقاد الحكماء (متن عربي) --</subfield>
    <subfield code="g">3.</subfield>
    <subfield code="t">قصة الغربة الغربية (با ترجمه وشرح فارسي)</subfield>
  </datafield>
  <datafield tag="546" ind1=" " ind2=" ">
    <subfield code="a">النص بالعربية والفارسية؛ مع مقدمة بالفرنسية.</subfield>
  </datafield>
  <datafield tag="590" ind1=" " ind2=" ">
    <subfield code="a">في المكتبة: الجزء 2.</subfield>
  </datafield>
  <datafield tag="600" ind1="1" ind2="4">
    <subfield code="a">السهروردي، يحي بن حبش،</subfield>
    <subfield code="d">1152 او 1153-1191.</subfield>
  </datafield>
  <datafield tag="600" ind1="1" ind2="0">
    <subfield code="a">Suhrawardī, Yaḥyá ibn Ḥabash,</subfield>
    <subfield code="d">1152 or 3-1191.</subfield>
  </datafield>
  <datafield tag="650" ind1=" " ind2="4">
    <subfield code="a">الإشراقية.</subfield>
  </datafield>
  <datafield tag="650" ind1=" " ind2="4">
    <subfield code="a">الفلسفة الإيرانية</subfield>
    <subfield code="v">أعمال قديمة حتى 1800.</subfield>
  </datafield>
  <datafield tag="650" ind1=" " ind2="4">
    <subfield code="a">التصوف</subfield>
    <subfield code="v">اعمال قديمة حتى 1800.</subfield>
  </datafield>
  <datafield tag="650" ind1=" " ind2="0">
    <subfield code="a">Ishraqiyah.</subfield>
  </datafield>
  <datafield tag="650" ind1=" " ind2="0">
    <subfield code="a">Philosophy, Iranian</subfield>
    <subfield code="v">Early works to 1800.</subfield>
  </datafield>
  <datafield tag="650" ind1=" " ind2="0">
    <subfield code="a">Sufism</subfield>
    <subfield code="v">Early works to 1800.</subfield>
  </datafield>
  <datafield tag="700" ind1="1" ind2=" ">
    <subfield code="6">880-06</subfield>
    <subfield code="a">Corbin, Henry,</subfield>
    <subfield code="e">compiler.</subfield>
  </datafield>
  <datafield tag="787" ind1="0" ind2=" ">
    <subfield code="6">880-07</subfield>
    <subfield code="t">Majmūʻah-ʼi ās̲ār-i Fārsī Shaykh-i Ishrāq Shaykh Shihāb al-Dīn Suhravardī</subfield>
    <subfield code="d">Tihrān : Qismat-i Īrānshināsī-i Anstitū-yi Pizhuhishhā-yi ʻIlmī dar Īrān, 1970</subfield>
    <subfield code="w">b18931790</subfield>
  </datafield>
  <datafield tag="830" ind1=" " ind2="0">
    <subfield code="6">880-08</subfield>
    <subfield code="a">Ganjīnah-ʼi Navashtahʹhā-yi Īranī ;</subfield>
    <subfield code="v">2.</subfield>
  </datafield>
  <datafield tag="852" ind1=" " ind2=" ">
    <subfield code="a">Jafet Library</subfield>
    <subfield code="e">American University of Beirut, Bliss Street , Beirut, Lebanon.</subfield>
  </datafield>
  <datafield tag="880" ind1="1" ind2=" ">
    <subfield code="6">100-01/(3/r</subfield>
    <subfield code="a">السهروردي، يحيى بن حبش،</subfield>
    <subfield code="d">1152 او 1153-1191،</subfield>
    <subfield code="e">مؤلف. </subfield>
    <subfield code="4">aut.</subfield>
  </datafield>
  <datafield tag="880" ind1="1" ind2="0">
    <subfield code="6">245-02/(3/r</subfield>
    <subfield code="a">مجموعة دوم مصنفات شيخ إشراق شهاب الدين يحيى سهروردي در حكمت إلهي /</subfield>
    <subfield code="c">با تصحيحات ومقدمة بزبان فرانسه بقلم هنري كربين = OEUVRES PHILOSOPHIQUES ET MYSTIQUES DE SHIHABADDIN YAHYA SOHRAWARDI.</subfield>
  </datafield>
  <datafield tag="880" ind1=" " ind2="1">
    <subfield code="6">264-03/(3/r</subfield>
    <subfield code="a">تهران :</subfield>
    <subfield code="b">انستيتو إيران وفرانسه، قسمت ايرانشناسى،</subfield>
    <subfield code="c">1331 [هـ. ش] = 1952 [م.]</subfield>
  </datafield>
  <datafield tag="880" ind1="1" ind2=" ">
    <subfield code="6">490-05/(3/r</subfield>
    <subfield code="a">كنجينه نوشته هاى إيراني ؛</subfield>
    <subfield code="v">2</subfield>
  </datafield>
  <datafield tag="880" ind1="1" ind2=" ">
    <subfield code="6">700-06/(3/r</subfield>
    <subfield code="a">كوربان، هنري،</subfield>
    <subfield code="e">معد. </subfield>
    <subfield code="4">com.</subfield>
  </datafield>
  <datafield tag="880" ind1="0" ind2=" ">
    <subfield code="6">787-07/(3/r</subfield>
    <subfield code="t">مجموعة آثار فارسي شيخ اشراق شهاب الدين يحيى سهروردى</subfield>
    <subfield code="d">تهران : قسمت ايرانشناسي انستيتوى فرانسوى پژوهشهاي علمي در ايران، 1970</subfield>
    <subfield code="w">b18931790</subfield>
  </datafield>
  <datafield tag="880" ind1=" " ind2="0">
    <subfield code="6">830-08/(3/r</subfield>
    <subfield code="a">كنجينه نوشته هاى إيراني ؛</subfield>
    <subfield code="v">2.</subfield>
  </datafield>
  <datafield tag="907" ind1=" " ind2=" ">
    <subfield code="a">.b12364903</subfield>
    <subfield code="b">16-08-23</subfield>
    <subfield code="c">11-05-24</subfield>
  </datafield>
  <datafield tag="907" ind1=" " ind2=" ">
    <subfield code="a">.b12364903</subfield>
    <subfield code="b">11-10-11</subfield>
    <subfield code="c">11-05-24</subfield>
  </datafield>
  <datafield tag="945" ind1=" " ind2=" ">
    <subfield code="f">J</subfield>
    <subfield code="a">189.3:S947maA:v.2:c.1</subfield>
    <subfield code="g">1</subfield>
    <subfield code="i">01008282</subfield>
    <subfield code="j">.i12814076</subfield>
    <subfield code="l">u0503</subfield>
  </datafield>
  <datafield tag="945" ind1=" " ind2=" ">
    <subfield code="f">J</subfield>
    <subfield code="a">189.3:S947maA:v.2:c.2</subfield>
    <subfield code="g">1</subfield>
    <subfield code="i">00290571</subfield>
    <subfield code="j">.i1281409x</subfield>
    <subfield code="l">u0503</subfield>
  </datafield>
  <datafield tag="998" ind1=" " ind2=" ">
    <subfield code="a">u05</subfield>
    <subfield code="b">97-02-24</subfield>
    <subfield code="c">m</subfield>
    <subfield code="d">a</subfield>
    <subfield code="e">-</subfield>
    <subfield code="f">mul</subfield>
    <subfield code="g">ir </subfield>
    <subfield code="h">0</subfield>
    <subfield code="i">3</subfield>
  </datafield>
</record>
</collection>
